@book{joyanes2006,
	author = {Joyanes Aguilar, Luis},
	title = {{Programación en C+: algoritmos, estructuras de datos y objetos}},
	year = {2006},
	publisher={McGraw-Hill}
	
}
@Online{digital1,
	author = {Pankaj,},
	title = {Merge Sort Algorithm - Java, C, and Python Implementation},
	year={2022},
	url={https://www.digitalocean.com/community/tutorials/merge-sort-algorithm-java-c-python},
	publisher={Digital Ocean}
}
@Thesis{ary2016,
	author = {Rosas Carillo, Ary},
	title = {Caracterización del algoritmo Shellsort en el ámbito del big data},
	year={2016},
	school={Instituto Poltécnicco Nacional},
	url={https://tesis.ipn.mx/bitstream/handle/123456789/19973/Caracterizaci%C3%B3n%20del%20algoritmo%20Shellsort%20en%20el%20%C3%A1mbito%20de%20Big%20Data.pdf?sequence=1&isAllowed=y}
}
@online{florez2018,
	author = {Florez, Sergio Alexander},
	year = {2018},
	title = {Análisis comparativo de algoritmos de ordenamiento},
	url = {https://pereiratechtalks.com/analisis-de-algoritmos-de-ordenamiento/},
}
@online{unk1,
	title = {Sorting Algorithms Learning Tool},
	url = {http://syllabus.cs.manchester.ac.uk/ugt/2019/COMP26120/SortingTool/radix_sort_info.html#:~:text=The%20time%20complexity%20of%20radix,base%2010%20for%20decimal%20representation.},
}
